
============================ Bach's part =================================
@inproceedings{DBLP:conf/cvc/BravoRC19,
  author    = {Maricela Bravo and
               Jos{\'{e}} Alejandro Reyes{-}Ortiz and
               Isabel Cruz{-}Ruiz},
  editor    = {Kohei Arai and
               Supriya Kapoor},
  title     = {{Researcher Profile Ontology for Academic Environment}},
  booktitle = {Advances in Computer Vision - Proceedings of the 2019 Computer Vision
               Conference, {CVC} 2019, Las Vegas, Nevada, USA, 25-26 April 2019,
               Volume 1},
  series    = {Advances in Intelligent Systems and Computing},
  volume    = {943},
  pages     = {799--817},
  publisher = {Springer},
  year      = {2019},
  url       = {https://doi.org/10.1007/978-3-030-17795-9\_60},
  timestamp = {Wed, 22 Jan 2020 09:22:31 +0100},
  biburl    = {https://dblp.org/rec/conf/cvc/BravoRC19.bib},
  bibsource = {dblp computer science bibliography, https://dblp.org}
}
@article{10.12700/APH.14.4.2017.4.4,
    author = {Fleiner, Rita and Szász, Barnabás and Micsik, András},
    year = {2017},
    month = {01},
    pages = {63-82},
    title = {{OLOUD - An Ontology for Linked Open University Data}},
    volume = {14},
    journal = {Acta Polytechnica Hungarica},
    url = {https://10.12700/APH.14.4.2017.4.4}
}
@article{DBLP:journals/semweb/GangemiPSV17,
  author    = {Aldo Gangemi and
               Silvio Peroni and
               David M. Shotton and
               Fabio Vitali},
  title     = {{The Publishing Workflow Ontology (PWO)}},
  journal   = {Semantic Web},
  volume    = {8},
  number    = {5},
  pages     = {703--718},
  year      = {2017},
  url       = {https://doi.org/10.3233/SW-160230},
  timestamp = {Wed, 14 Nov 2018 10:33:52 +0100},
  biburl    = {https://dblp.org/rec/journals/semweb/GangemiPSV17.bib},
  bibsource = {dblp computer science bibliography, https://dblp.org}
}
@book{DBLP:series/synthesis/2012Borner,
  author    = {Katy B{\"{o}}rner and
               Michael Conlon and
               Jon Corson{-}Rikert and
               Ying Ding},
  title     = {{VIVO:} {A} Semantic Approach to Scholarly Networking and Discovery},
  series    = {Synthesis Lectures on the Semantic Web},
  publisher = {Morgan {\&} Claypool Publishers},
  year      = {2012},
  url       = {https://doi.org/10.2200/S00428ED1V01Y201207WBE002},
  timestamp = {Sun, 02 Jun 2019 20:42:17 +0200},
  biburl    = {https://dblp.org/rec/series/synthesis/2012Borner.bib},
  bibsource = {dblp computer science bibliography, https://dblp.org}
}
@inproceedings{DBLP:conf/epia/SureBHHO05,
  author    = {York Sure and
               Stephan Bloehdorn and
               Peter Haase and
               Jens Hartmann and
               Daniel Oberle},
  editor    = {Carlos Bento and
               Am{\'{\i}}lcar Cardoso and
               Ga{\""{e}}l Dias},
  title     = {{The SWRC Ontology - Semantic Web for Research Communities}},
  booktitle = {Progress in Artificial Intelligence, 12th Portuguese Conference on
               Artificial Intelligence, {EPIA} 2005, Covilh{\~{a}}, Portugal, December
               5-8, 2005, Proceedings},
  series    = {Lecture Notes in Computer Science},
  volume    = {3808},
  pages     = {218--231},
  publisher = {Springer},
  year      = {2005},
  url       = {https://doi.org/10.1007/11595014\_22},
  timestamp = {Tue, 14 May 2019 10:00:41 +0200},
  biburl    = {https://dblp.org/rec/conf/epia/SureBHHO05.bib},
  bibsource = {dblp computer science bibliography, https://dblp.org}
}
@article{10.14569/IJACSA.2016.070717,
    author = {Sabri, Jehad},
    year = {2016},
    month = {07},
    title = {Ontology for Academic Program Accreditation},
    volume = {7},
    journal = {International Journal of Advanced Computer Science and Applications},
    url = {https://10.14569/IJACSA.2016.070717}
}
@inproceedings{DBLP:conf/esws/KatisKAV18,
  author    = {Evangelos Katis and
               Haridimos Kondylakis and
               Giannis Agathangelos and
               Kostas Vassilakis},
  editor    = {Aldo Gangemi and
               Anna Lisa Gentile and
               Andrea Giovanni Nuzzolese and
               Sebastian Rudolph and
               Maria Maleshkova and
               Heiko Paulheim and
               Jeff Z. Pan and
               Mehwish Alam},
  title     = {{Developing an Ontology for Curriculum and Syllabus}},
  booktitle = {The Semantic Web: {ESWC} 2018 Satellite Events - {ESWC} 2018 Satellite
               Events, Heraklion, Crete, Greece, June 3-7, 2018, Revised Selected
               Papers},
  series    = {Lecture Notes in Computer Science},
  volume    = {11155},
  pages     = {55--59},
  publisher = {Springer},
  year      = {2018},
  url       = {https://doi.org/10.1007/978-3-319-98192-5\_11},
  timestamp = {Wed, 25 Sep 2019 18:19:48 +0200},
  biburl    = {https://dblp.org/rec/conf/esws/KatisKAV18.bib},
  bibsource = {dblp computer science bibliography, https://dblp.org}
}
@inproceedings{DBLP:conf/incos/KalemiM11,
  author    = {Edlira Kalemi and
               Edlira Martiri},
  editor    = {Fatos Xhafa and
               Leonard Barolli and
               Mario K{\"{o}}ppen},
  title     = {{FOAF-Academic Ontology: A Vocabulary for the Academic Community}},
  booktitle = {2011 Third International Conference on Intelligent Networking and
               Collaborative Systems (INCoS), Fukuoka, Japan, November 30 - Dec.
               2, 2011},
  pages     = {440--445},
  publisher = {{IEEE} Computer Society},
  year      = {2011},
  url       = {https://doi.org/10.1109/INCoS.2011.94},
  timestamp = {Wed, 16 Oct 2019 14:14:53 +0200},
  biburl    = {https://dblp.org/rec/conf/incos/KalemiM11.bib},
  bibsource = {dblp computer science bibliography, https://dblp.org}
}
@online{aiiso,
    author = {Rob Styles and Nadeem Shabir},
    title = {{Academic Institution Internal Structure Ontology (AIISO)}},
    url  = {http://purl.org/vocab/aiiso/schema},
    addendum = {[accessed: 13-04-2020]}
}
@inproceedings{DBLP:conf/semweb/RashidM18,
  author    = {Sabbir M. Rashid and
               Deborah L. McGuinness},
  editor    = {K. Krasnow Waterman},
  title     = {{Creating and Using an Education Standards Ontology to Improve Education}},
  booktitle = {Proceedings of the Workshop on Semantic Web for Social Good co-located
               with 17th International Semantic Web Conference, SW4SG@ISWC 2018,
               Monterey, California, USA, October 9, 2018., Monterey, California,
               USA, October 9, 2018},
  series    = {{CEUR} Workshop Proceedings},
  volume    = {2182},
  publisher = {CEUR-WS.org},
  year      = {2018},
  url       = {http://ceur-ws.org/Vol-2182/paper\_5.pdf},
  timestamp = {Wed, 12 Feb 2020 16:44:50 +0100},
  biburl    = {https://dblp.org/rec/conf/semweb/RashidM18.bib},
  bibsource = {dblp computer science bibliography, https://dblp.org}
}
@inproceedings{DBLP:conf/icde/AminahAK17,
  author    = {Siti Aminah and
               Iis Afriyanti and
               Adila Krisnadhi},
  title     = {Ontology-Based Approach for Academic Evaluation System},
  booktitle = {33rd {IEEE} International Conference on Data Engineering, {ICDE} 2017,
               San Diego, CA, USA, April 19-22, 2017},
  pages     = {1569--1574},
  publisher = {{IEEE} Computer Society},
  year      = {2017},
  url       = {https://doi.org/10.1109/ICDE.2017.229},
  timestamp = {Wed, 16 Oct 2019 14:14:56 +0200},
  biburl    = {https://dblp.org/rec/conf/icde/AminahAK17.bib},
  bibsource = {dblp computer science bibliography, https://dblp.org}
}
@inproceedings{DBLP:conf/semweb/PeroniS18,
  author    = {Silvio Peroni and
               David M. Shotton},
  editor    = {Denny Vrandecic and
               Kalina Bontcheva and
               Mari Carmen Su{\'{a}}rez{-}Figueroa and
               Valentina Presutti and
               Irene Celino and
               Marta Sabou and
               Lucie{-}Aim{\'{e}}e Kaffee and
               Elena Simperl},
  title     = {The {SPAR} Ontologies},
  booktitle = {The Semantic Web - {ISWC} 2018 - 17th International Semantic Web Conference,
               Monterey, CA, USA, October 8-12, 2018, Proceedings, Part {II}},
  series    = {Lecture Notes in Computer Science},
  volume    = {11137},
  pages     = {119--136},
  publisher = {Springer},
  year      = {2018},
  url       = {https://doi.org/10.1007/978-3-030-00668-6\_8},
  timestamp = {Wed, 25 Sep 2019 18:15:07 +0200},
  biburl    = {https://dblp.org/rec/conf/semweb/PeroniS18.bib},
  bibsource = {dblp computer science bibliography, https://dblp.org}
}

@inproceedings{DBLP:conf/icetc/Tapia-LeonSCL17,
  author    = {Mariela Tapia{-}Le{\'{o}}n and
               Teresa Santamar{\'{\i}}a and
               Janneth Chicaiza and
               Sergio Luj{\'{a}}n{-}Mora},
  title     = {Ontology of personal learning environments in the development of thesis
               project},
  booktitle = {Proceedings of the 9th International Conference on Education Technology
               and Computers, {ICETC} 2017, Barcelona, Spain, December 20-22, 2017},
  pages     = {183--187},
  publisher = {{ACM}},
  year      = {2017},
  url       = {https://doi.org/10.1145/3175536.3175555},
  timestamp = {Tue, 06 Nov 2018 16:58:26 +0100},
  biburl    = {https://dblp.org/rec/conf/icetc/Tapia-LeonSCL17.bib},
  bibsource = {dblp computer science bibliography, https://dblp.org}
}
@inproceedings{DBLP:conf/kcap/OelenJFSA19,
  author    = {Allard Oelen and
               Mohamad Yaser Jaradeh and
               Kheir Eddine Farfar and
               Markus Stocker and
               S{\""{o}}ren Auer},
  editor    = {Daniel Garijo and
               Milan Markovic and
               Paul Groth and
               Idafen Santana{-}P{\'{e}}rez and
               Khalid Belhajjame},
  title     = {{Comparing Research Contributions in a Scholarly Knowledge Graph}},
  booktitle = {Proceedings of the Third International Workshop on Capturing Scientific
               Knowledge co-located with the 10th International Conference on Knowledge
               Capture {(K-CAP} 2019), Marina del Rey, California , November 19th,
               2019},
  series    = {{CEUR} Workshop Proceedings},
  volume    = {2526},
  pages     = {21--26},
  publisher = {CEUR-WS.org},
  year      = {2019},
  url       = {http://ceur-ws.org/Vol-2526/paper3.pdf},
  timestamp = {Wed, 12 Feb 2020 16:44:30 +0100},
  biburl    = {https://dblp.org/rec/conf/kcap/OelenJFSA19.bib},
  bibsource = {dblp computer science bibliography, https://dblp.org}
}
@article{DBLP:journals/jodl/ShumMD00,
  author    = {Simon Buckingham Shum and
               Enrico Motta and
               John Domingue},
  title     = {ScholOnto: an ontology-based digital library server for research documents
               and discourse},
  journal   = {Int. J. on Digital Libraries},
  volume    = {3},
  number    = {3},
  pages     = {237--248},
  year      = {2000},
  url       = {https://doi.org/10.1007/s007990000034},
  timestamp = {Sat, 19 Oct 2019 19:55:55 +0200},
  biburl    = {https://dblp.org/rec/journals/jodl/ShumMD00.bib},
  bibsource = {dblp computer science bibliography, https://dblp.org}
}
@article{10.1098/rsif.2006.0134,
    author = {Soldatova, Larisa and King, Ross},
    year = {2007},
    month = {01},
    pages = {795-803},
    title = {An Ontology of Scientific Experiments},
    volume = {3},
    journal = {Journal of the Royal Society, Interface / the Royal Society},
    url = {https://10.1098/rsif.2006.0134}
}
@inproceedings{DBLP:conf/esws/LeeLKJS10,
  author    = {Seungwoo Lee and
               Mikyoung Lee and
               Pyung Kim and
               Hanmin Jung and
               Won{-}Kyung Sung},
  editor    = {Lora Aroyo and
               Grigoris Antoniou and
               Eero Hyv{\""{o}}nen and
               Annette ten Teije and
               Heiner Stuckenschmidt and
               Liliana Cabral and
               Tania Tudorache},
  title     = {OntoFrame {S3:} Semantic Web-Based Academic Research Information Portal
               Service Empowered by {STAR-WIN}},
  booktitle = {The Semantic Web: Research and Applications, 7th Extended Semantic
               Web Conference, {ESWC} 2010, Heraklion, Crete, Greece, May 30 - June
               3, 2010, Proceedings, Part {II}},
  series    = {Lecture Notes in Computer Science},
  volume    = {6089},
  pages     = {401--405},
  publisher = {Springer},
  year      = {2010},
  url       = {https://doi.org/10.1007/978-3-642-13489-0\_32},
  timestamp = {Tue, 14 May 2019 10:00:44 +0200},
  biburl    = {https://dblp.org/rec/conf/esws/LeeLKJS10.bib},
  bibsource = {dblp computer science bibliography, https://dblp.org}
}
@article{10.1299/jamdsm.2017jamdsm0008,
    author = {MURAMATSU, Keiichi and Kimita, Koji and Ishii, Takatoshi and Nemoto, Yutaro and TANAKA, Eiichirou and WATANUKI, Keiichi and MATSUI, Tatsunori and Shimomura, Yoshiki},
    year = {2017},
    month = {03},
    pages = {JAMDSM0008-JAMDSM0008},
    title = {Ontological descriptions of receiver states for sharing knowledge in learning service design},
    volume = {11},
    journal = {Journal of Advanced Mechanical Design, Systems, and Manufacturing},
    url = {https://10.1299/jamdsm.2017jamdsm0008}
}
@inproceedings{DBLP:conf/euspn/BravoRCGP18,
  author    = {Maricela Bravo and
               Jos{\'{e}} Alejandro Reyes{-}Ortiz and
               Isabel Cruz{-}Ruiz and
               Ariadna Guti{\'{e}}rrez{-}Rosales and
               Josu{\'{e}} Padilla{-}Cuevas},
  editor    = {Elhadi M. Shakshuki and
               Ansar{-}Ul{-}Haque Yasar},
  title     = {Ontology for Academic Context Reasoning},
  booktitle = {The 9th International Conference on Emerging Ubiquitous Systems and
               Pervasive Networks {(EUSPN} 2018) / The 8th International Conference
               on Current and Future Trends of Information and Communication Technologies
               in Healthcare {(ICTH-2018)} / Affiliated Workshops, November 5-8,
               2018, Leuven, Belgium},
  series    = {Procedia Computer Science},
  volume    = {141},
  pages     = {175--182},
  publisher = {Elsevier},
  year      = {2018},
  url       = {https://doi.org/10.1016/j.procs.2018.10.165},
  timestamp = {Wed, 22 Jan 2020 09:22:30 +0100},
  biburl    = {https://dblp.org/rec/conf/euspn/BravoRCGP18.bib},
  bibsource = {dblp computer science bibliography, https://dblp.org}
}
@article{DBLP:journals/jifs/DuongNJ10,
  author    = {Trong Hai Duong and
               Ngoc Thanh Nguyen and
               GeunSik Jo},
  title     = {Constructing and mining a semantic-based academic social network},
  journal   = {J. Intell. Fuzzy Syst.},
  volume    = {21},
  number    = {3},
  pages     = {197--207},
  year      = {2010},
  url       = {https://doi.org/10.3233/IFS-2010-0451},
  timestamp = {Sat, 25 Apr 2020 13:53:19 +0200},
  biburl    = {https://dblp.org/rec/journals/jifs/DuongNJ10.bib},
  bibsource = {dblp computer science bibliography, https://dblp.org}
}
@inproceedings{DBLP:journals/procedia/JorgLK12,
  author    = {Brigitte J{\"{o}}rg and
               Jaakko Lappalainen and
               Kostas Kastrantas},
  editor    = {Hesham H. Ali and
               Yong Shi and
               Deepak Khazanchi and
               Michael Lees and
               G. Dick van Albada and
               Jack J. Dongarra and
               Peter M. A. Sloot},
  title     = {Modeling the Semantics of Contextual and Content-specific Research
               Metadata using Ontology Languages: issues on combining {CERIF} and
               {OWL}},
  booktitle = {Proceedings of the International Conference on Computational Science,
               {ICCS} 2012, Omaha, Nebraska, USA, 4-6 June, 2012},
  series    = {Procedia Computer Science},
  volume    = {9},
  pages     = {1563--1570},
  publisher = {Elsevier},
  year      = {2012},
  url       = {https://doi.org/10.1016/j.procs.2012.04.171},
  timestamp = {Mon, 21 Aug 2017 16:43:25 +0200},
  biburl    = {https://dblp.org/rec/journals/procedia/JorgLK12.bib},
  bibsource = {dblp computer science bibliography, https://dblp.org}
}
@article{DBLP:journals/ws/Belhajjame0GGHP15,
  author    = {Khalid Belhajjame and
               Jun Zhao and
               Daniel Garijo and
               Matthew Gamble and
               Kristina M. Hettne and
               Ra{\'{u}}l Palma and
               Eleni Mina and
               {\'{O}}scar Corcho and
               Jos{\'{e}} Manu{\'{e}}l G{\'{o}}mez{-}P{\'{e}}rez and
               Sean Bechhofer and
               Graham Klyne and
               Carole A. Goble},
  title     = {{Using a suite of ontologies for preserving workflow-centric research
               objects}},
  journal   = {J. Web Semant.},
  volume    = {32},
  pages     = {16--42},
  year      = {2015},
  url       = {https://doi.org/10.1016/j.websem.2015.01.003},
  timestamp = {Tue, 04 Feb 2020 18:05:15 +0100},
  biburl    = {https://dblp.org/rec/journals/ws/Belhajjame0GGHP15.bib},
  bibsource = {dblp computer science bibliography, https://dblp.org}
}

@inproceedings{DBLP:conf/i-semantics/FathallaVA018,
  author    = {Said Fathalla and
               Sahar Vahdati and
               S{\"{o}}ren Auer and
               Christoph Lange},
  editor    = {Anna Fensel and
               Victor de Boer and
               Tassilo Pellegrini and
               Elmar Kiesling and
               Bernhard Haslhofer and
               Laura Hollink and
               Alexander Schindler},
  title     = {{SemSur: A Core Ontology for the Semantic Representation of Research
               Findings}},
  booktitle = {Proceedings of the 14th International Conference on Semantic Systems,
               {SEMANTICS} 2018, Vienna, Austria, September 10-13, 2018},
  series    = {Procedia Computer Science},
  volume    = {137},
  pages     = {151--162},
  publisher = {Elsevier},
  year      = {2018},
  url       = {https://doi.org/10.1016/j.procs.2018.09.015},
  timestamp = {Thu, 01 Nov 2018 18:40:31 +0100},
  biburl    = {https://dblp.org/rec/conf/i-semantics/FathallaVA018.bib},
  bibsource = {dblp computer science bibliography, https://dblp.org}
}
@article{DBLP:journals/corr/BelhajjameZGHPCGBKG14,
  author    = {Khalid Belhajjame and
               Jun Zhao and
               Daniel Garijo and
               Kristina M. Hettne and
               Ra{\'{u}}l Palma and
               {\'{O}}scar Corcho and
               Jos{\'{e}} Manu{\'{e}}l G{\'{o}}mez{-}P{\'{e}}rez and
               Sean Bechhofer and
               Graham Klyne and
               Carole A. Goble},
  title     = {{The Research Object Suite of Ontologies: Sharing and Exchanging Research
               Data and Methods on the Open Web}},
  journal   = {CoRR},
  volume    = {abs/1401.4307},
  year      = {2014},
  url       = {http://arxiv.org/abs/1401.4307},
  archivePrefix = {arXiv},
  eprint    = {1401.4307},
  timestamp = {Mon, 13 Aug 2018 16:49:03 +0200},
  biburl    = {https://dblp.org/rec/journals/corr/BelhajjameZGHPCGBKG14.bib},
  bibsource = {dblp computer science bibliography, https://dblp.org}
}
@article{DBLP:journals/jis/JeongK10,
  author    = {Senator Jeong and
               Hong{-}Gee Kim},
  title     = {{SEDE: An Ontology for Scholarly Event Description}},
  journal   = {J. Inf. Sci.},
  volume    = {36},
  number    = {2},
  pages     = {209--227},
  year      = {2010},
  url       = {https://doi.org/10.1177/0165551509358487},
  timestamp = {Thu, 06 Jun 2019 17:27:47 +0200},
  biburl    = {https://dblp.org/rec/journals/jis/JeongK10.bib},
  bibsource = {dblp computer science bibliography, https://dblp.org}
}

@article{DBLP:journals/jodl/PertsasC17,
  author    = {Vayianos Pertsas and
               Panos Constantopoulos},
  title     = {{Scholarly Ontology: Modeling Scholarly Practices}},
  journal   = {Int. J. on Digital Libraries},
  volume    = {18},
  number    = {3},
  pages     = {173--190},
  year      = {2017},
  url       = {https://doi.org/10.1007/s00799-016-0169-3},
  timestamp = {Tue, 22 Aug 2017 17:02:38 +0200},
  biburl    = {https://dblp.org/rec/journals/jodl/PertsasC17.bib},
  bibsource = {dblp computer science bibliography, https://dblp.org}
}

@article{DBLP:journals/datascience/Jorg10,
  author    = {Brigitte J{\"{o}}rg},
  title     = {{CERIF: The Common European Research Information Format Model}},
  journal   = {Data Science Journal},
  volume    = {9},
  pages     = {CRIS24--CRIS31},
  year      = {2010},
  url       = {https://doi.org/10.2481/dsj.CRIS4},
  timestamp = {Wed, 22 May 2019 16:42:38 +0200},
  biburl    = {https://dblp.org/rec/journals/datascience/Jorg10.bib},
  bibsource = {dblp computer science bibliography, https://dblp.org}
}
@inproceedings{DBLP:conf/pci/TriperinaST13,
  author    = {Evangelia Triperina and
               Cleo Sgouropoulou and
               Anastasios Tsolakidis},
  editor    = {Panayiotis H. Ketikidis and
               Konstantinos G. Margaritis and
               Ioannis P. Vlahavas and
               Alexander Chatzigeorgiou and
               George Eleftherakis and
               Ioannis Stamelos},
  title     = {{AcademIS: an ontology for representing academic activity and collaborations
               within HEIs}},
  booktitle = {17th Panhellenic Conference on Informatics, {PCI} 2013, Thessaloniki,
               Greece - September 19 - 21, 2013},
  pages     = {264--271},
  publisher = {{ACM}},
  year      = {2013},
  url       = {https://doi.org/10.1145/2491845.2491884},
  timestamp = {Tue, 06 Nov 2018 11:06:43 +0100},
  biburl    = {https://dblp.org/rec/conf/pci/TriperinaST13.bib},
  bibsource = {dblp computer science bibliography, https://dblp.org}
}
@inproceedings{DBLP:conf/semweb/SalatinoTMOM18,
  author    = {Angelo Antonio Salatino and
               Thiviyan Thanapalasingam and
               Andrea Mannocci and
               Francesco Osborne and
               Enrico Motta},
  editor    = {Denny Vrandecic and
               Kalina Bontcheva and
               Mari Carmen Su{\'{a}}rez{-}Figueroa and
               Valentina Presutti and
               Irene Celino and
               Marta Sabou and
               Lucie{-}Aim{\'{e}}e Kaffee and
               Elena Simperl},
  title     = {{The Computer Science Ontology: A Large-Scale Taxonomy of Research
               Areas}},
  booktitle = {The Semantic Web - {ISWC} 2018 - 17th International Semantic Web Conference,
               Monterey, CA, USA, October 8-12, 2018, Proceedings, Part {II}},
  series    = {Lecture Notes in Computer Science},
  volume    = {11137},
  pages     = {187--205},
  publisher = {Springer},
  year      = {2018},
  url       = {https://doi.org/10.1007/978-3-030-00668-6\_12},
  timestamp = {Sat, 19 Oct 2019 20:21:13 +0200},
  biburl    = {https://dblp.org/rec/conf/semweb/SalatinoTMOM18.bib},
  bibsource = {dblp computer science bibliography, https://dblp.org}
}
@inproceedings{DBLP:conf/bci/SurlaSI12,
  author    = {Bojana Dimic Surla and
               Milan Segedinac and
               Dragan Ivanovic},
  editor    = {Mirjana Ivanovic and
               Zoran Budimac and
               Milos Radovanovic},
  title     = {A {BIBO} ontology extension for evaluation of scientific research
               results},
  booktitle = {Balkan Conference in Informatics, 2012, {BCI} '12, Novi Sad, Serbia,
               September 16-20, 2012},
  pages     = {275--278},
  publisher = {{ACM}},
  year      = {2012},
  url       = {https://doi.org/10.1145/2371316.2371376},
  timestamp = {Sat, 19 Oct 2019 20:09:01 +0200},
  biburl    = {https://dblp.org/rec/conf/bci/SurlaSI12.bib},
  bibsource = {dblp computer science bibliography, https://dblp.org}
}
@misc{bibo,
    author = {Bruce D'Arcus and Frédérick Giasson},
    title = {{Bibliographic Ontology Specification}},
    url = {http://bibliontology.com/},
    note = {[accessed: 10-04-2020]}
}







============================ Gollam's part =================================

@article{DBLP:journals/ws/PeroniS12,
  author    = {Silvio Peroni and
               David M. Shotton},
  title     = {{FaBiO and CiTO: Ontologies for Describing Bibliographic Resources and Citations}},
  journal   = {J. Web Semant.},
  volume    = {17},
  pages     = {33--43},
  year      = {2012},
  url       = {https://doi.org/10.1016/j.websem.2012.08.001},
  timestamp = {Tue, 29 Jan 2019 12:27:04 +0100},
  biburl    = {https://dblp.org/rec/journals/ws/PeroniS12.bib},
  bibsource = {dblp computer science bibliography, https://dblp.org}
}


@inproceedings{DBLP:conf/esws/IorioNPSV14,
  author    = {Angelo Di Iorio and
               Andrea Giovanni Nuzzolese and
               Silvio Peroni and
               David M. Shotton and
               Fabio Vitali},
  editor    = {Alexander Garc{\'{\i}}a Castro and
               Christoph Lange and
               Phillip W. Lord and
               Robert Stevens},
  title     = {{Describing Bibliographic References in RDF}},
  booktitle = {Proceedings of the 4th Workshop on Semantic Publishing co-located
               with the 11th Extended Semantic Web Conference {(ESWC} 2014), Anissaras,
               Greece, May 25th, 2014},
  series    = {{CEUR} Workshop Proceedings},
  volume    = {1155},
  publisher = {CEUR-WS.org},
  year      = {2014},
  url       = {http://ceur-ws.org/Vol-1155/paper-05.pdf},
  timestamp = {Wed, 12 Feb 2020 16:45:12 +0100},
  biburl    = {https://dblp.org/rec/conf/esws/IorioNPSV14.bib},
  bibsource = {dblp computer science bibliography, https://dblp.org}
}

@article{DBLP:journals/semweb/ConstantinPPSV16,
  author    = {Alexandru Constantin and
               Silvio Peroni and
               Steve Pettifer and
               David M. Shotton and
               Fabio Vitali},
  title     = {{The Document Components Ontology (DoCO)}},
  journal   = {Semantic Web},
  volume    = {7},
  number    = {2},
  pages     = {167--181},
  year      = {2016},
  url       = {https://doi.org/10.3233/SW-150177},
  timestamp = {Wed, 25 Sep 2019 17:53:41 +0200},
  biburl    = {https://dblp.org/rec/journals/semweb/ConstantinPPSV16.bib},
  bibsource = {dblp computer science bibliography, https://dblp.org}
}

@inproceedings{DBLP:conf/i-semantics/PeroniSV12,
  author    = {Silvio Peroni and
               David M. Shotton and
               Fabio Vitali},
  editor    = {Valentina Presutti and
               Helena Sofia Pinto},
  title     = {{Scholarly Publishing and Linked Data: Describing Roles, Sstatuses,
               Temporal and Contextual Extents}},
  booktitle = {{I-SEMANTICS} 2012 - 8th International Conference on Semantic Systems,
               {I-SEMANTICS} '12, Graz, Austria, September 5-7, 2012},
  pages     = {9--16},
  publisher = {{ACM}},
  year      = {2012},
  url       = {https://doi.org/10.1145/2362499.2362502},
  timestamp = {Wed, 14 Nov 2018 10:55:56 +0100},
  biburl    = {https://dblp.org/rec/conf/i-semantics/PeroniSV12.bib},
  bibsource = {dblp computer science bibliography, https://dblp.org}
}

@inproceedings{DBLP:conf/semweb/OsbornePM14,
  author    = {Francesco Osborne and
               Silvio Peroni and
               Enrico Motta},
  editor    = {Jun Zhao and
               Marieke van Erp and
               Carsten Ke{\ss}ler and
               Tomi Kauppinen and
               Jacco van Ossenbruggen and
               Willem Robert van Hage},
  title     = {{Clustering Citation Distributions for Semantic Categorization and
               Citation Prediction}},
  booktitle = {Proceedings of the 4th Workshop on Linked Science 2014 - Making Sense
               Out of Data {(LISC2014)} co-located with the 13th International Semantic
               Web Conference {(ISWC} 2014), Riva del Garda, Italy, October 19, 2014},
  series    = {{CEUR} Workshop Proceedings},
  volume    = {1282},
  pages     = {24--35},
  publisher = {CEUR-WS.org},
  year      = {2014},
  url       = {http://ceur-ws.org/Vol-1282/lisc2014\_submission\_9.pdf},
  timestamp = {Wed, 12 Feb 2020 16:44:52 +0100},
  biburl    = {https://dblp.org/rec/conf/semweb/OsbornePM14.bib},
  bibsource = {dblp computer science bibliography, https://dblp.org}
}

@article{DBLP:journals/dlib/Shotton12,
  author    = {David M. Shotton},
  title     = {{The Five Stars of Online Journal Articles - a Framework for Article
               Evaluation}},
  journal   = {D-Lib Mag.},
  volume    = {18},
  number    = {1/2},
  year      = {2012},
  url       = {https://doi.org/10.1045/january2012-shotton},
  timestamp = {Thu, 06 Jun 2019 19:03:57 +0200},
  biburl    = {https://dblp.org/rec/journals/dlib/Shotton12.bib},
  bibsource = {dblp computer science bibliography, https://dblp.org}
}

@inproceedings{tapia2019extension,
  title={{Extension of the BiDO Ontology to Represent Scientific Production}},
  author={Tapia-Le\'{o}n, Mariela and Santana-Perez, Idafen and Poveda-Villal{\'o}n, Mar{\'\i}a and Espinoza-Arias, Paola and Chicaiza, Janneth and Corcho, Oscar},
  booktitle={Proceedings of the 2019 8th International Conference on Educational and Information Technology},
  pages={166--172},
  year={2019},
  url={https://doi.org/10.1145/3318396.3318422}
}

@article{DBLP:journals/qss/PeroniS20,
  author    = {Silvio Peroni and
               David M. Shotton},
  title     = {{OpenCitations, an Infrastructure Rrganization for Open Scholarship}},
  journal   = {Quant. Sci. Stud.},
  volume    = {1},
  number    = {1},
  pages     = {428--444},
  year      = {2020},
  url       = {https://doi.org/10.1162/qss\_a\_00023},
  timestamp = {Sat, 30 May 2020 19:48:25 +0200},
  biburl    = {https://dblp.org/rec/journals/qss/PeroniS20.bib},
  bibsource = {dblp computer science bibliography, https://dblp.org}
}
@misc{An:OAD,
    author = {An Yuan},
    title = {{An Ontology for Academic Department}},
    url  = {http://www.cs.toronto.edu/~yuana/researchCenter/yuanaOnto.html},
    note = {[accessed: 10-04-2020]}
}

@misc{Scoro,
    author = {David Shotton and Silvio Peroni},
    title = {{SCoRO, the Scholarly Contributions and Roles Ontology}},
    url  = {https://sparontologies.github.io/scoro/current/scoro.html},
    note = {[accessed: 13-05-2020]},
    keywords = {SCoRO}
}

@misc{Frapo,
    author = {David Shotton and Silvio Peroni},
    title = {{FRAPO, the Funding, Research Administration and Projects Ontology}},
    url  = {https://sparontologies.github.io/frapo/current/frapo.html},
    note = {[accessed: 13-05-2020]},
}

@misc{DataCite_Ontology,
    author = {David Shotton and Silvio Peroni and Amy J. Barton and Egbert Gramsbergen and Jan Ashton and Marie-Christine Jacquemot},
    title = {The {DataCite Ontology}},
    url  = {https://sparontologies.github.io/datacite/current/datacite.html},
    note = {[accessed: 13-04-2020]},
}

@misc{Fair,
    title = {{FAIR* Reviews Ontology}},
    url  = {http://fairreviews.linkeddata.es/def/core/index.html},
    note = {[accessed: 13-05-2020]},
    keywords = {FAIR},
    author = {Idafen Santana-Pérez and María Poveda-Villalón}
}

@article{bowen2011frbr,
  title={FRBR},
  author={Bowen, Jennifer},
  journal={Library resources \& technical services},
  volume={49},
  number={3},
  pages={175--188},
  year={2011}
}

@inproceedings{Ruiz,
  author = {Ruiz-Iniesta, Almudena and Corcho, Oscar},
  booktitle = {SePublica},
  editor = {Castro, Alexander García and Lange, Christoph and Lord, Phillip W. and Stevens, Robert},
  url = {http://ceur-ws.org/Vol-1155/paper-07.pdf},
  publisher = {CEUR-WS.org},
  series = {CEUR Workshop Proceedings},
  title = {{A Review of Ontologies for Describing Scholarly and Scientific Documents.}},
  volume = 1155,
  year = 2014
}

@article{Brack,
    author = {Brack, Arthur and Hoppe, Anett and Stocker, Markus and Auer, Sören and Ewerth, Ralph},
    journal = {CoRR},
    title = {{Requirements Analysis for an Open Research Knowledge Graph.}},
    volume = {abs/2005.10334},
    year = 2020
}





